<?xml version="1.0" encoding="UTF-8"?><collection xmlns="http://www.loc.gov/MARC21/slim"><record><leader>00412nam--2200121-i-4500</leader><controlfield tag="001">000018948</controlfield><controlfield tag="002">20161230</controlfield><controlfield tag="005">20161230201033</controlfield><controlfield tag="008">060222s1000------------r-----000-0-eng-d</controlfield><datafield ind1=" " ind2=" " tag="245"><subfield code="a">Steroid reactions.an outline for organic chemists.prepared by sixteen graduate students at stanford university under the editorship</subfield></datafield><datafield ind1=" " ind2=" " tag="260"><subfield code="a">San Francisco, Holden-day, Inc., 1963.Vi+657p</subfield></datafield><datafield ind1=" " ind2=" " tag="700"><subfield code="a">Djerassi, Carl</subfield></datafield><datafield ind1=" " ind2=" " tag="852"><subfield code="a">25975</subfield></datafield></record></collection>